@online{caesarcipher,
    author = "Karleigh Moore",
    title = "Caesar Cipher",
    url = "https://brilliant.org/wiki/caesar-cipher/",
    addendum = "(accessed 4.25.2023)"
}

@online{bleuartcode,
    author = "Ha Thach, Kevin Townsend, Todd Treece",
    title = "BLE UART example",
    url="https://github.com/adafruit/Adafruit_nRF52_Arduino/blob/master/libraries/Bluefruit52Lib/examples/Peripheral/bleuart/bleuart.ino",
    addendum = "(accessed 04.20.2023)"
}

@online{securityintel,
    author = "Jonathan Reed",
    title  = "LastPass Breaches Cast Doubt on Password Manager Safety",
    url = "https://securityintelligence.com/news/lastpass-breaches-cast-doubt-on-password-manager-safety/",
    addendum = "(accessed: 05.05.2023)"
}

@inproceedings{passw-strats,
author = {Gaw, Shirley and Felten, Edward W.},
title = {Password Management Strategies for Online Accounts},
year = {2006},
isbn = {1595934480},
publisher = {Association for Computing Machinery},
address = {New York, NY, USA},
url = {https://doi.org/10.1145/1143120.1143127},
doi = {10.1145/1143120.1143127},
booktitle = {Proceedings of the Second Symposium on Usable Privacy and Security},
pages = {44â€“55},
numpages = {12},
keywords = {password reuse, password management, survey, security, password, user behavior},
location = {Pittsburgh, Pennsylvania, USA},
series = {SOUPS '06}
}